@book{biafore2013microsoft,
    title        = {Microsoft project 2013: The missing manual},
    author       = {Biafore, Bonnie},
    year         = {2013},
    location     = "Себастопол, Калифорния, США",
    media        = "text",
    publisher    = {" O'Reilly Media, Inc."},
    language = "english",
    pagetotal    = "808"
}

@book{clark2015gantt,
    title        = {The Gantt Chart: A Working Tool of Management - Scholar's Choice Edition},
    author       = {Clark, W. and Polakov, W.N. and Trabold, F.W.},
    year         = {2015},
    publisher    = {Scholar's Choice},
    media        = "text",
    language = "english",
    location     = "Лондон, Канада",
    pagetotal    = "180"
}
@book{lockyer2005project,
    title        = {Project Management and Project Network Techniques},
    author       = {Lockyer, K.G. and Gordon, J.},
    year         = {2005},
    publisher    = {Pearson Education},
    pagetotal    = "257",
    language = "english",
    media        = "text",
    location     = "Лондон, Великобритания"
}
