@BOOK {shlee,
    author       = "Макс Шлее",
    title        = "Профессиональное программирование на C++",
    location     = "СПб.",
    publisher    = "БЖХ-Петербург",
    media        = "text",
    year         = "2018",
    pagetotal    = "1073"
}
@BOOK {stroustrup,
    author       = "Bjarne Stroustrup",
    title        = "The C++ Programming Language",
    location     = "Бостон, Массачусетс, США",
    publisher    = "Addison-Wesley",
    origlanguage = "english",
    media        = "text",
    year         = "2014",
    pagetotal    = "1363",
}
@ONLINE {cppwiki,
    title        = "Wikibooks. C++ Programming",
    media        = "eresource",
    url          = "https://en.wikibooks.org/wiki/C++_Programming",
    urldate      = "2019-10-16"
}
@ONLINE {idioms,
    title        = "Wikibooks. More C++ Idioms",
    media        = "eresource",
    url          = "https://en.wikibooks.org/wiki/More_C++_Idioms",
    urldate      = "2019-10-16"
}
@ONLINE {cmake,
    title        = "CMake Refence Documentation",
    media        = "eresource",
    url          = "https://cmake.org/cmake/help/v3.15/",
    urldate      = "2019-10-16"
}
@ONLINE {clion,
    title        = "JetBrains. Clion Learning Center",
    media        = "eresource",
    url          = "https://www.jetbrains.com/clion/learning-center/",
    urldate      = "2019-10-16"
}
@ONLINE {moderncpp,
    title        = "GitHub. AnthonyCalandra/modern-cpp-features",
    media        = "eresource",
    url          = "https://github.com/AnthonyCalandra/modern-cpp-features",
    urldate      = "2019-10-16"
}
@ONLINE {latex,
    title        = "LaTeX - Wikibooks",
    media        = "eresource",
    url          = "https://en.wikibooks.org/wiki/LaTeX",
    urldate      = "2019-10-16"
}
@ONLINE {cppref,
    title        = "C++ Reference",
    media        = "eresource",
    url          = "https://en.cppreference.com/w/",
    urldate      = "2019-10-16"
}

@ONLINE {qtcreator,
    title = "Qt Documentation. Qt Creator Manual",
    media        = "eresource",
    url          = "https://doc.qt.io/qtcreator/index.html",
    urldate      = "2019-11-27"
}

@ONLINE {qt5,
    title = "Qt Documentation. Qt Reference",
    media        = "eresource",
    url          = "https://doc.qt.io/qt-5/reference-overview.html",
    urldate      = "2019-11-27"
}
